@inproceedings{DBLP:conf/sas/ChristensenMS03,
  author    = {Aske Simon Christensen and
               Anders M{\o}ller and
               Michael I. Schwartzbach},
  editor    = {Radhia Cousot},
  title     = {Precise Analysis of String Expressions},
  booktitle = {Static Analysis, 10th International Symposium, {SAS} 2003, San Diego,
               CA, USA, June 11-13, 2003, Proceedings},
  series    = {Lecture Notes in Computer Science},
  volume    = {2694},
  pages     = {1--18},
  publisher = {Springer},
  year      = {2003},
  url       = {https://doi.org/10.1007/3-540-44898-5\_1},
  doi       = {10.1007/3-540-44898-5\_1},
  timestamp = {Tue, 14 May 2019 10:00:52 +0200},
  biburl    = {https://dblp.org/rec/bib/conf/sas/ChristensenMS03},
  bibsource = {dblp computer science bibliography, https://dblp.org}
}

@article{DBLP:journals/corr/MetereD17,
  author    = {Roberto Metere and
               Changyu Dong},
  title     = {Automated Cryptographic Analysis of the Pedersen Commitment Scheme},
  journal   = {CoRR},
  volume    = {abs/1705.05897},
  year      = {2017},
  url       = {http://arxiv.org/abs/1705.05897},
  archivePrefix = {arXiv},
  eprint    = {1705.05897},
  timestamp = {Mon, 13 Aug 2018 16:45:59 +0200},
  biburl    = {https://dblp.org/rec/bib/journals/corr/MetereD17},
  bibsource = {dblp computer science bibliography, https://dblp.org}
}

@misc{cryptoeprint:2019:1185,
    author = {David Butler and Andreas Lochbihler and David Aspinall and Adria Gascon},
    title = {Formalising $\Sigma$-Protocols and Commitment Schemes using CryptHOL},
    howpublished = {Cryptology ePrint Archive, Report 2019/1185},
    year = {2019},
    note = {\url{https://eprint.iacr.org/2019/1185}},
}

@misc{on-sigma-protocols,
     author = {Ivan Damg√•rd},
     title = {On $\Sigma$-protocols},
     howpublished = {lecture notes, Aarhus University},
     year = {2011}}
